@article{KangTSLF12,
  author    = {U. Kang and
               Hanghang Tong and
               Jimeng Sun and
               Ching-Yung Lin and
               Christos Faloutsos},
  title     = {GBASE: an efficient analysis platform for large graphs},
  journal   = {VLDB J.},
  volume    = {21},
  number    = {5},
  year      = {2012},
  pages     = {637-650},
  ee        = {http://dx.doi.org/10.1007/s00778-012-0283-9},
  bibsource = {DBLP, http://dblp.uni-trier.de}
}

@article{KangTF11,
  author    = {U. Kang and
               Charalampos E. Tsourakakis and
               Christos Faloutsos},
  title     = {PEGASUS: mining peta-scale graphs},
  journal   = {Knowl. Inf. Syst.},
  volume    = {27},
  number    = {2},
  year      = {2011},
  pages     = {303-325},
  ee        = {http://dx.doi.org/10.1007/s10115-010-0305-0},
  bibsource = {DBLP, http://dblp.uni-trier.de}
}

@article{Kang:2011:HMR:1921632.1921634,
 author = {Kang, U. and Tsourakakis, Charalampos E. and Appel, Ana Paula and Faloutsos, Christos and Leskovec, Jure},
 title = {HADI: Mining Radii of Large Graphs},
 journal = {ACM Trans. Knowl. Discov. Data},
 issue_date = {February 2011},
 volume = {5},
 issue = {2},
 month = {February},
 year = {2011},
 issn = {1556-4681},
 pages = {8:1--8:24},
 articleno = {8},
 numpages = {24},
 url = {http://doi.acm.org/10.1145/1921632.1921634},
 doi = {http://doi.acm.org/10.1145/1921632.1921634},
 acmid = {1921634},
 publisher = {ACM},
 address = {New York, NY, USA},
 keywords = {HADI, Radius plot, graph mining, hadoop, small web},
} 

@inproceedings{pavlo09, 
  author = {Pavlo, Andrew and Paulson, Erik and Rasin, Alexander and Abadi, Daniel J. and DeWitt, David J. and Madden, Samuel and Stonebraker, Michael}, 
  title = {A comparison of approaches to large-scale data analysis}, 
  booktitle = {SIGMOD '09: Proceedings of the 35th SIGMOD international conference on Management of data}, 
  year = {2009}, 
  isbn = {978-1-60558-551-2}, 
  pages = {165--178}, 
  location = {Providence, Rhode Island, USA}, 
  doi = {http://doi.acm.org/10.1145/1559845.1559865}, 
  publisher = {ACM}, 
  address = {New York, NY, USA}, 
 url = {http://database.cs.brown.edu/papers/benchmarks-sigmod09.pdf}
}

@inproceedings{koutra2011unifying,
  added-at = {2011-09-03T13:18:16.000+0200},
  author = {Koutra, Danai and Ke, Tai-You and Kang, U and Chau, Duen Horng Polo and Pao, Hsing-Kuo Kenneth and Faloutsos, Christos},
  biburl = {http://www.bibsonomy.org/bibtex/2bb555270e55cc3b5095d7a1405b0f926/ecml_pkdd_2011},
  booktitle = {Proceedings of the ECML/PKDD 2011},
  interhash = {7528e1726953798dd2d6b82488c03b71},
  intrahash = {bb555270e55cc3b5095d7a1405b0f926},
  keywords = {2011 algorithms approaches clustering ecml_pkdd_2011 graph guiltbyassociation mining spectral theorems unifying},
  timestamp = {2011-09-03T13:18:16.000+0200},
  title = {Unifying Guilt-by-Association Approaches: Theorems and Fast Algorithms},
  year = 2011
}

@ARTICLE{KangMF12, 
author={Kang, U. and Meeder, B. and Papalexakis, E. and Faloutsos, C.}, 
journal={Knowledge and Data Engineering, IEEE Transactions on}, title={HEigen: Spectral Analysis for Billion-Scale Graphs}, 
year={2012}, 
month={ }, 
volume={PP}, 
number={99}, 
pages={1}, 
keywords={Algorithm design and analysis;Eigenvalues and eigenfunctions;LinkedIn;Sparse matrices;Symmetric matrices;Twitter;Web pages;H Information Technology and Systems;H.2 Database Management;H.2.8 Database Applications;H.2.8.d Data mining;H.2.8.i Mining methods and algorithms;}, 
doi={10.1109/TKDE.2012.244}, 
ISSN={1041-4347},}

@INPROCEEDINGS{4781156, 
author={Tsourakakis, C.E.}, 
booktitle={Data Mining, 2008. ICDM '08. Eighth IEEE International Conference on}, 
title={Fast Counting of Triangles in Large Real Networks without Counting: Algorithms and Laws}, 
year={2008}, 
pages={608-617}, 
keywords={graph theory;security of data;social networking (online);3-way database;approximate counting algorithms;clustering coefficient;eigentriangle;eigentrianglelocal algorithm;large real networks;real world social networks;transitivity ratio;Application software;Clustering algorithms;Data mining;Eigenvalues and eigenfunctions;Intrusion detection;Machine learning;Machine learning algorithms;Social network services;Web sites;Wikipedia;Graph Generators;Graph Mining;Power laws;Triangles}, 
doi={10.1109/ICDM.2008.72}, 
ISSN={1550-4786},}

@article{Flajolet:1985:PCA:5212.5215,
 author = {Flajolet, Philippe and Martin, G. Nigel},
 title = {Probabilistic counting algorithms for data base applications},
 journal = {J. Comput. Syst. Sci.},
 issue_date = {Sept. 1985},
 volume = {31},
 number = {2},
 month = sep,
 year = {1985},
 issn = {0022-0000},
 pages = {182--209},
 numpages = {28},
 url = {http://dx.doi.org/10.1016/0022-0000(85)90041-8},
 doi = {10.1016/0022-0000(85)90041-8},
 acmid = {5215},
 publisher = {Academic Press, Inc.},
 address = {Orlando, FL, USA},
} 

@article{Brin:1998:ALH:297810.297827,
 author = {Brin, Sergey and Page, Lawrence},
 title = {The Anatomy of a Large-scale Hypertextual Web Search Engine},
 journal = {Comput. Netw. ISDN Syst.},
 issue_date = {April 1, 1998},
 volume = {30},
 number = {1-7},
 month = apr,
 year = {1998},
 issn = {0169-7552},
 pages = {107--117},
 numpages = {11},
 url = {http://dx.doi.org/10.1016/S0169-7552(98)00110-X},
 doi = {10.1016/S0169-7552(98)00110-X},
 acmid = {297827},
 publisher = {Elsevier Science Publishers B. V.},
 address = {Amsterdam, The Netherlands, The Netherlands},
 keywords = {Google, PageRank, World Wide Web, information retrieval, search engines},
} 
